@article{bcilab,
    author = {Chaklam, Silpasuwanchai},
    title = "The AIT Brainlab",
    journal = "CSIM",
    year = 2022
}

@article{2author,
    author = {Akraradet, Sinsamersuk and Mehul, M},
    title = "The AIT Brainlab",
    journal = "CSIM",
    year = 2023
}

@article{3author,
    author = {Amp, A and Beau, B and Sunsun, C},
    title = "The AIT Brainlab",
    journal = "CSIM",
    year = 2023
}

@article{vaswani2017attention,
  title={Attention is all you need},
  author={Vaswani, Ashish and Shazeer, Noam and Parmar, Niki and Uszkoreit, Jakob and Jones, Llion and Gomez, Aidan N and Kaiser, {\L}ukasz and Polosukhin, Illia},
  journal={Advances in neural information processing systems},
  volume={30},
  year={2017}
}