@article{bcilab,
    author = "Chaklam Silpasuwanchai",
    title = "The AIT Brainlab",
    journal = "CSIM",
}